<?xml version="1.0" encoding="UTF-8"?><collection xmlns="http://www.loc.gov/MARC21/slim"><record><leader>00480nam--2200181-u-4500</leader><controlfield tag="001">000054566</controlfield><controlfield tag="002">20161230</controlfield><controlfield tag="005">20161230201051</controlfield><controlfield tag="008">120201s1000------------r-----000-0-eng-d</controlfield><datafield ind1=" " ind2=" " tag="020"><subfield code="a">9171530355</subfield></datafield><datafield ind1=" " ind2=" " tag="040"><subfield code="a">IFIN-HH</subfield></datafield><datafield ind1=" " ind2=" " tag="080"><subfield code="a">539.12.01(043)</subfield></datafield><datafield ind1="1" ind2=" " tag="100"><subfield code="a">Isberg, Jan</subfield></datafield><datafield ind1="1" ind2="0" tag="245"><subfield code="a">Smooth particles and exotic strings</subfield><subfield code="b">Fysikim</subfield><subfield code="c">Jan isberg</subfield></datafield><datafield ind1=" " ind2=" " tag="260"><subfield code="a">Stockholm</subfield><subfield code="b">Stockholm University</subfield><subfield code="c">1992</subfield></datafield><datafield ind1=" " ind2=" " tag="300"><subfield code="a">/PAG.DIF.</subfield></datafield><datafield ind1=" " ind2=" " tag="852"><subfield code="a">79950</subfield><subfield code="c">539.12</subfield></datafield><datafield ind1=" " ind2=" " tag="CAT"><subfield code="a">Sys</subfield><subfield code="c">20120201</subfield><subfield code="h">171007</subfield></datafield></record></collection>